% Journals

% First the Full Name is given, then the abbreviation used in the AMS Math
% Reviews, with an indication if it could not be found there.
% Note the 2nd overwrites the 1st, so swap them if you want the full name.

%{AMS}
@String{AMSTrans = "American Mathematical Society Translations" }
@String{AMSTrans = "Amer. Math. Soc. Transl." }
@String{BullAMS = "Bulletin of the American Mathematical Society" }
@String{BullAMS = "Bull. Amer. Math. Soc." }
@String{ProcAMS = "Proceedings of the American Mathematical Society" }
@String{ProcAMS = "Proc. Amer. Math. Soc." }
@String{TransAMS = "Transactions of the American Mathematical Society" }
@String{TransAMS = "Trans. Amer. Math. Soc." }

%ACM
@String{CACM = "Communications of the {ACM}" }
@String{CACM = "Commun. {ACM}" }
@String{CompServ = "Comput. Surveys" }
@String{JACM = "J. ACM" }
@String{ACMMathSoft = "{ACM} Transactions on Mathematical Software" }
@String{ACMMathSoft = "{ACM} Trans. Math. Software" }
@String{SIGNUM = "{ACM} {SIGNUM} Newsletter" }
@String{SIGNUM = "{ACM} {SIGNUM} Newslett." }

@String{AmerSocio = "American Journal of Sociology" }
@String{AmerStatAssoc = "Journal of the American Statistical Association" }
@String{AmerStatAssoc = "J. Amer. Statist. Assoc." }
@String{ApplMathComp = "Applied Mathematics and Computation" }
@String{ApplMathComp = "Appl. Math. Comput." }
@String{AmerMathMonthly = "American Mathematical Monthly" }
@String{AmerMathMonthly = "Amer. Math. Monthly" }
@String{BIT = "{BIT}" }
@String{BritStatPsych = "British Journal of Mathematical and Statistical
	Psychology" }
@String{BritStatPsych = "Brit. J. Math. Statist. Psych." }
@String{CanMathBull = "Canadian Mathematical Bulletin" }
@String{CanMathBull = "Canad. Math. Bull." }
@String{CompApplMath = "Journal of Computational and Applied Mathematics" }
@String{CompApplMath = "J. Comput. Appl. Math." }
@String{CompPhys = "Journal of Computational Physics" }
@String{CompPhys = "J. Comput. Phys." }
@String{CompStruct = "Computers and Structures" }
@String{CompStruct = "Comput. \& Structures" }
@String{CompJour = "The Computer Journal" }
@String{CompJour = "Comput. J." }
@String{CompSysSci = "Journal of Computer and System Sciences" }
@String{CompSysSci = "J. Comput. System Sci." }
@String{Computing = "Computing" }
@String{ContempMath = "Contemporary Mathematics" }
@String{ContempMath = "Contemp. Math." }
@String{Crelle = "Crelle's Journal" }
@String{GiornaleMath = "Giornale di Mathematiche" }
@String{GiornaleMath = "Giorn. Mat." } % didn't find in AMS MR., ibid.

%IEEE
@String{Computer = "{IEEE} Computer" }
@String{IEEETransComp = "{IEEE} Transactions on Computers" }
@String{IEEETransComp = "{IEEE} Trans. Comput." }
@String{IEEETransAC = "{IEEE} Transactions on Automatic Control" }
@String{IEEETransAC = "{IEEE} Trans. Automat. Control" }
@String{IEEESpec = "{IEEE} Spectrum" } % didn't find in AMS MR
@String{ProcIEEE = "Proceedings of the {IEEE}" }
@String{ProcIEEE = "Proc. {IEEE}" } % didn't find in AMS MR
@String{IEEETransAeroElec = "{IEEE} Transactions on Aerospace and Electronic
	Systems" }
@String{IEEETransAeroElec = "{IEEE} Trans. Aerospace Electron. Systems" }

@String{IMANumerAna = "{IMA} Journal of Numerical Analysis" }
@String{IMANumerAna = "{IMA} J. Numer. Anal." }
@String{InfProcLet = "Information Processing Letters" }
@String{InfProcLet = "Inform. Process. Lett." }
@String{InstMathApp = "Journal of the Institute of Mathematics and
	its Applications" }
@String{InstMathApp = "J. Inst. Math. Appl." }
@String{IntControl = "International Journal of Control" }
@String{IntControl = "Internat. J. Control" }
@String{IntNumerEng = "International Journal for Numerical Methods in
	Engineering" }
@String{IntNumerEng = "Internat. J. Numer. Methods Engrg." }
@String{IntSuper = "International Journal of Supercomputing Applications" }
@String{IntSuper = "Internat. J. Supercomputing Applic." } % didn't find
%% in AMS MR
@String{Kibernetika = "Kibernetika" }
@String{JResNatBurStand = "Journal of Research of the National Bureau
	of Standards" }
@String{JResNatBurStand = "J. Res. Nat. Bur. Standards" }
@String{LinAlgApp = "Linear Algebra and its Applications" }
@String{LinAlgApp = "Linear Algebra Appl." }
@String{MathAnaAppl = "Journal of Mathematical Analysis and Applications" }
@String{MathAnaAppl = "J. Math. Anal. Appl." }
@String{MathAnnalen = "Mathematische Annalen" }
@String{MathAnnalen = "Math. Ann." }
@String{MathPhys = "Journal of Mathematical Physics" }
@String{MathPhys = "J. Math. Phys." }
@String{MathComp = "Mathematics of Computation" }
@String{MathComp = "Math. Comp." }
@String{MathScand = "Mathematica Scandinavica" }
@String{MathScand = "Math. Scand." }
@String{TablesAidsComp = "Mathematical Tables and Other Aids to Computation" }
@String{TablesAidsComp = "Math. Tables Aids Comput." }
@String{NumerMath = "Numerische Mathematik" }
@String{NumerMath = "Numer. Math." }
@String{PacificMath = "Pacific Journal of Mathematics" }
@String{PacificMath = "Pacific J. Math." }
@String{ParDistComp = "Journal of Parallel and Distributed Computing" }
@String{ParDistComp = "J. Parallel and Distrib. Comput." } % didn't find
%% in AMS MR
@String{ParComputing = "Parallel Computing" }
@String{ParComputing = "Parallel Comput." }
@String{PhilMag = "Philosophical Magazine" }
@String{PhilMag = "Philos. Mag." }
@String{ProcNAS = "Proceedings of the National Academy of Sciences
	of the USA" }
@String{ProcNAS = "Proc. Nat. Acad. Sci. U. S. A." }
@String{Psychometrika = "Psychometrika" }
@String{QuartMath = "Quarterly Journal of Mathematics, Oxford, Series (2)" }
@String{QuartMath = "Quart. J. Math. Oxford Ser. (2)" }
@String{QuartApplMath = "Quarterly of Applied Mathematics" }
@String{QuartApplMath = "Quart. Appl. Math." }
@String{RevueInstStat = "Review of the International Statisical Institute" }
@String{RevueInstStat = "Rev. Inst. Internat. Statist." }

%SIAM
@String{JSIAM = "Journal of the Society for Industrial and Applied
	Mathematics" }
@String{JSIAM = "J. Soc. Indust. Appl. Math." }
@String{JSIAMB = "Journal of the Society for Industrial and Applied
	Mathematics, Series B, Numerical Analysis" }
@String{JSIAMB = "J. Soc. Indust. Appl. Math. Ser. B Numer. Anal." }
@String{SIAMAlgMeth = "{SIAM} Journal on Algebraic and Discrete Methods" }
@String{SIAMAlgMeth = "{SIAM} J. Algebraic Discrete Methods" }
@String{SIAMAppMath = "{SIAM} Journal on Applied Mathematics" }
@String{SIAMAppMath = "{SIAM} J. Appl. Math." }
@String{SIAMComp = "{SIAM} Journal on Computing" }
@String{SIAMComp = "{SIAM} J. Comput." }
@String{SIAMMatrix = "{SIAM} Journal on Matrix Analysis and Applications" }
@String{SIAMMatrix = "{SIAM} J. Matrix Anal. Appl." }
@String{SIAMNumAnal = "{SIAM} Journal on Numerical Analysis" }
@String{SIAMNumAnal = "{SIAM} J. Numer. Anal." }
@String{SIAMReview = "{SIAM} Review" }
@String{SIAMReview = "{SIAM} Rev." }
@String{SIAMSciStat = "{SIAM} Journal on Scientific and Statistical
	Computing" }
@String{SIAMSciStat = "{SIAM} J. Sci. Statist. Comput." }

@String{SoftPracExp = "Software Practice and Experience" }
@String{SoftPracExp = "Software Prac. Experience" } % didn't find in AMS MR
@String{StatScience = "Statistical Science" }
@String{StatScience = "Statist. Sci." }
@String{Techno = "Technometrics" }
@String{USSRCompMathPhys = "{USSR} Computational Mathematics and Mathematical
	Physics" }
@String{USSRCompMathPhys = "{U. S. S. R.} Comput. Math. and Math. Phys." }
@String{VLSICompSys = "Journal of {VLSI} and Computer Systems" }
@String{VLSICompSys = "J. {VLSI} Comput. Syst." }
@String{ZAngewMathMech = "Zeitschrift fur Angewandte Mathematik und
	Mechanik" }
@String{ZAngewMathMech = "Z. Angew. Math. Mech." }
@String{ZAngewMathPhys = "Zeitschrift fur Angewandte Mathematik und Physik" }
@String{ZAngewMathPhys = "Z. Angew. Math. Phys." }

% Publishers % ================================================= |

@String{Academic = "Academic Press" }
@String{ACMPress = "{ACM} Press" }
@String{AdamHilger = "Adam Hilger" }
@String{AddisonWesley = "Addison-Wesley" }
@String{AllynBacon = "Allyn and Bacon" }
@String{AMS = "American Mathematical Society" }
@String{Birkhauser = "Birkha{\"u}ser" }
@String{CambridgePress = "Cambridge University Press" }
@String{Chelsea = "Chelsea" }
@String{ClaredonPress = "Claredon Press" }
@String{DoverPub = "Dover Publications" }
@String{Eyolles = "Eyolles" }
@String{HoltRinehartWinston = "Holt, Rinehart and Winston" }
@String{Interscience = "Interscience" }
@String{JohnsHopkinsPress = "The Johns Hopkins University Press" }
@String{JohnWileySons = "John Wiley and Sons" }
@String{Macmillan = "Macmillan" }
@String{MathWorks = "The Math Works Inc." }
@String{McGrawHill = "McGraw-Hill" }
@String{NatBurStd = "National Bureau of Standards" }
@String{NorthHolland = "North-Holland" }
@String{OxfordPress = "Oxford University Press" }  %address Oxford or London?
@String{PergamonPress = "Pergamon Press" }
@String{PlenumPress = "Plenum Press" }
@String{PrenticeHall = "Prentice-Hall" }
@String{SIAMPub = "{SIAM} Publications" }
@String{Springer = "Springer-Verlag" }
@String{TexasPress = "University of Texas Press" }
@String{VanNostrand = "Van Nostrand" }
@String{WHFreeman = "W. H. Freeman and Co." }

@article{kunal2023gnn,
	author={Kunal, Kishor and Dhar, Tonmoy and Madhusudan, Meghna and Poojary, Jitesh and Sharma, Arvind K. and Xu, Wenbin and Burns, Steven M. and Hu, Jiang and Harjani, Ramesh and Sapatnekar, Sachin S.},
	title={GNN-based Hierarchical Annotation for Analog Circuits},
	journal={IEEE Transactions on Computer-Aided Design of Integrated Circuits and Systems},
	volume={},
	number={},
	year={2023},
	issn = {1937-4151},
	pages={1-1},
	numpages = {13},
	url = {https://doi.org/10.1109/TCAD.2023.3236269},
	doi={10.1109/TCAD.2023.3236269},
	publisher={IEEE}}


@article{ying2018hierarchical,
	author = {Ying, Rex and You, Jiaxuan and Morris, Christopher and Ren, Xiang and Hamilton, William L. and Leskovec, Jure},
	title = {Hierarchical Graph Representation Learning with Differentiable Pooling},
	year = {2018},
	url = {https://arxiv.org/abs/1806.08804v4},
	doi = {10.48550/ARXIV.1806.08804v4},
	publisher = {arXiv}
}

@article{kipf2017gcn,
	author = {Kipf, Thomas N. and Welling, Max},
	title = {Semi-Supervised Classification with Graph Convolutional Networks},
	year = {2016},
	url = {https://arxiv.org/abs/1609.02907},
	doi = {10.48550/ARXIV.1609.02907},
	publisher = {arXiv}
}

@inproceedings{patel2021machine,
	title={Machine Learning based Structure Recognition in Analog Schematics for Constraints Generation},
	author={Patel, Rituj and Habal, Husni and Venkata, Konda Reddy},
	location = {Europe},
	volume={6},
	year={2021},
	url = {https://dvcon-proceedings.org/wp-content/uploads/machine-learning-based-structure-recognition-in-analog-schematics-for-constraints-generation-paper.pdf}
}

@inproceedings{li2020custom,
	author = {Li, Yaguang and Lin, Yishuang and Madhusudan, Meghna and Sharma, Arvind and Xu, Wenbin and Sapatnekar, Sachin S. and Harjani, Ramesh and Hu, Jiang},
	title = {A Customized Graph Neural Network Model for Guiding Analog IC Placement},
	year = {2020},
	isbn = {9781450380263},
	publisher = {Association for Computing Machinery},
	address = {New York, NY, USA},
	url = {https://doi.org/10.1145/3400302.3415624},
	doi = {10.1145/3400302.3415624},
	booktitle = {Proceedings of the 39th International Conference on Computer-Aided Design},
	articleno = {135},
	numpages = {9},
	location = {Virtual Event, USA},
	series = {ICCAD '20}
}

@article{abel2022fuboco,
	author = {Abel, Inga and Graeb, Helmut},
	title = {FUBOCO: Structure Synthesis of Basic Op-Amps by FUnctional BlOck COmposition},
	year = {2022},
	issue_date = {November 2022},
	publisher = {Association for Computing Machinery},
	address = {New York, NY, USA},
	volume = {27},
	number = {6},
	issn = {1084-4309},
	url = {https://doi.org/10.1145/3522738},
	doi = {10.1145/3522738},
	journal = {ACM Trans. Des. Autom. Electron. Syst.},
	month = {jun},
	articleno = {63},
	numpages = {27},
	keywords = {CMOS, Analog circuit design, operational amplifiers}
}

@article{abel2022functional,
	author = {Abel, Inga and Neuner, Maximilian and Graeb, Helmut},
	title = {A Functional Block Decomposition Method for Automatic Op-Amp Design},
	year = {2022},
	issue_date = {Jul 2022},
	publisher = {Elsevier Science Publishers B. V.},
	address = {NLD},
	volume = {85},
	number = {C},
	issn = {0167-9260},
	url = {https://doi.org/10.1016/j.vlsi.2022.04.006},
	doi = {10.1016/j.vlsi.2022.04.006},
	journal = {Integr. VLSI J.},
	month = {jul},
	pages = {108–120},
	numpages = {13},
	keywords = {Operational amplifiers, CMOS, Analog design automation, Structure analysis}
}

@inproceedings{Grae22,
	author = {Graeb, Helmut},
	title = {Analog Synthesis - The Deterministic Way},
	year = {2022},
	isbn = {9781450392105},
	publisher = {Association for Computing Machinery},
	address = {New York, NY, USA},
	doi = {10.1145/3505170.3511043},
	booktitle = {Proceedings of the 2022 International Symposium on Physical Design},
	pages = {167--174},
	numpages = {8},
	keywords = {design centering, layout, synthesis, circuit, analog, sizing, optimization},
	location = {Virtual Event, Canada},
	series = {ISPD '22}
}


@online{Horg05,
	author =       {Jack Horgan},
	year =         {2005},
	title =        {Analog},
	url =          {https://www.edacafe.com/nbc/articles/view_weekly.php?articleid=209175},
	month =        {mar},
	day=             {21},
	lastaccessed = {January 17, 2023},
}



@ARTICLE{LaHC86,
	author={Lakshmikumar, K.R. and Hadaway, R.A. and Copeland, M.A.},
	journal={IEEE Journal of Solid-State Circuits},
	title={Characterisation and modeling of mismatch in MOS transistors for precision analog design},
	year={1986},
	volume={21},
	number={6},
	pages={1057-1066},
	doi={10.1109/JSSC.1986.1052648}}



@INPROCEEDINGS{GZEA01,
	author={Graeb, H. and Zizala, S. and Eckmueller, J. and Antreich, K.},
	booktitle={IEEE/ACM International Conference on Computer Aided Design. ICCAD 2001. IEEE/ACM Digest of Technical Papers (Cat. No.01CH37281)},
	title={The sizing rules method for analog integrated circuit design},
	year={2001},
	volume={},
	number={},
	pages={343-349},
	doi={10.1109/ICCAD.2001.968645}}



@ARTICLE{MaGS08,
	author={Massier, Tobias and Graeb, Helmut and Schlichtmann, Ulf},
	journal={IEEE Transactions on Computer-Aided Design of Integrated Circuits and Systems},
	title={The Sizing Rules Method for CMOS and Bipolar Analog Integrated Circuit Synthesis},
	year={2008},
	volume={27},
	number={12},
	pages={2209--2222},
	doi={10.1109/TCAD.2008.2006143}}



@book{Hast23,
	author = {Hastings, Alan},
	title = {The Art of Analog Layout, 3rd edition},
	year = {2023},
	isbn = { 9780138038397 },
	publisher = {Pearson},
	address = {London, UK}
}

@ARTICLE{AbelHPEL,
	author={Abel, Inga and Neuner, Maximilian and Graeb, Helmut E.},
	journal={IEEE Transactions on Computer-Aided Design of Integrated Circuits and Systems}, 
	title={A Hierarchical Performance Equation Library for Basic Op-Amp Design}, 
	year={2022},
	volume={41},
	number={7},
	pages={1976-1989},
	doi={10.1109/TCAD.2021.3101691}}

	For a monograph (whole book):

@book{razavi2017analog,
    author = {Razavi, Behzad},
    title = {Design of Analog CMOS Integrated Circuits},
    year = {2017},
    isbn = {0072524936},
    publisher = {Mc Graw Hill}, address = {New York, NY, USA},
    }

@ARTICLE{hershenson2001,
  author={Hershenson, M.delM. and Boyd, S.P. and Lee, T.H.},
  journal={IEEE Transactions on Computer-Aided Design of Integrated Circuits and Systems}, 
  title={Optimal design of a CMOS op-amp via geometric programming}, 
  year={2001},
  volume={20},
  number={1},
  pages={1-21},
  doi={10.1109/43.905671}}
  
%%Machine learning structure
@INPROCEEDINGS{lourenco18,
	author={Lourenço, Nuno and Rosa, João and Martins, Ricardo and Aidos, Helena and Canelas, António and Póvoa, Ricardo and Horta, Nuno},
	booktitle={2018 15th International Conference on Synthesis, Modeling, Analysis and Simulation Methods and Applications to Circuit Design (SMACD)}, 
	title={On the Exploration of Promising Analog IC Designs via Artificial Neural Networks}, 
	year={2018},
	volume={},
	number={},
	pages={133-136},
	doi={10.1109/SMACD.2018.8434896}}
	
@INPROCEEDINGS{lourenco19pareto,
  author={Lourenço, N. and Afacan, E. and Martins, R. and Passos, F. and Canelas, A. and Póvoa, R. and Horta, N. and Dundar, G.},
  booktitle={2019 16th International Conference on Synthesis, Modeling, Analysis and Simulation Methods and Applications to Circuit Design (SMACD)}, 
  title={Using Polynomial Regression and Artificial Neural Networks for Reusable Analog IC Sizing}, 
  year={2019},
  volume={},
  number={},
  pages={13-16},
  doi={10.1109/SMACD.2019.8795282}}

  
@inproceedings{cao22domainknowledge,
	author = {Cao, Weidong and Benosman, Mouhacine and Zhang, Xuan and Ma, Rui},
	title = {Domain Knowledge-Infused Deep Learning for Automated Analog/Radio-Frequency Circuit Parameter Optimization},
	year = {2022},
	isbn = {9781450391429},
	publisher = {Association for Computing Machinery},
	address = {New York, NY, USA},
	url = {https://doi.org/10.1145/3489517.3530501},
	doi = {10.1145/3489517.3530501},
	abstract = {The design automation of analog circuits is a longstanding challenge. This paper presents a reinforcement learning method enhanced by graph learning to automate the analog circuit parameter optimization at the pre-layout stage, i.e., finding device parameters to fulfill desired circuit specifications. Unlike all prior methods, our approach is inspired by human experts who rely on domain knowledge of analog circuit design (e.g., circuit topology and couplings between circuit specifications) to tackle the problem. By originally incorporating such key domain knowledge into policy training with a multimodal network, the method best learns the complex relations between circuit parameters and design targets, enabling optimal decisions in the optimization process. Experimental results on exemplary circuits show it achieves human-level design accuracy (~99\%) with 1.5\texttimes{} efficiency of existing best-performing methods. Our method also shows better generalization ability to unseen specifications and optimality in circuit performance optimization. Moreover, it applies to design radio-frequency circuits on emerging semiconductor technologies, breaking the limitations of prior learning methods in designing conventional analog circuits.},
	booktitle = {Proceedings of the 59th ACM/IEEE Design Automation Conference},
	pages = {1015–1020},
	numpages = {6},
	location = {San Francisco, California},
	series = {DAC '22}
}

@INPROCEEDINGS{gao23rose,
  author={Gao, Jian and Cao, Weidong and Zhang, Xuan},
  booktitle={2023 60th ACM/IEEE Design Automation Conference (DAC)}, 
  title={RoSE: Robust Analog Circuit Parameter Optimization with Sampling-Efficient Reinforcement Learning}, 
  year={2023},
  volume={},
  number={},
  pages={1-6},
  doi={10.1109/DAC56929.2023.10247991}}


@ARTICLE{beaulieu23cascaded,
	author={Beaulieu, Philippe-Olivier and Dumesnil, Etienne and Nabki, Frederic and Boukadoum, Mounir},
	journal={IEEE Transactions on Computer-Aided Design of Integrated Circuits and Systems}, 
	title={Analog RF Circuit Sizing by a Cascade of Shallow Neural Networks}, 
	year={2023},
	volume={},
	number={},
	pages={1-1},
	doi={10.1109/TCAD.2023.3282570}}
	
@ARTICLE{harjani1989oasys,
	author={Harjani, R. and Rutenbar, R.A. and Carley, L.R.},
	journal={IEEE Transactions on Computer-Aided Design of Integrated Circuits and Systems}, 
	title={OASYS: a framework for analog circuit synthesis}, 
	year={1989},
	volume={8},
	number={12},
	pages={1247-1266},
	doi={10.1109/43.44506}}
	\
@INPROCEEDINGS{ochotta94astrx,
	author={Ochotta, E.S. and Rutenbar, R.A. and Carley, L.R.},
	booktitle={31st Design Automation Conference}, 
	title={ASTRX/OBLX: Tools for Rapid Synthesis of High-Performance Analog Circuits}, 
	year={1994},
	volume={},
	number={},
	pages={24-30},
	doi={10.1145/196244.196258}}
	
@ARTICLE{meissner15feats,
	author={Meissner, Markus and Hedrich, Lars},
	journal={IEEE Transactions on Computer-Aided Design of Integrated Circuits and Systems}, 
	title={FEATS: Framework for Explorative Analog Topology Synthesis}, 
	year={2015},
	volume={34},
	number={2},
	pages={213-226},
	doi={10.1109/TCAD.2014.2376987}}
  
@ARTICLE{fayazi23angel,
	author={Fayazi, Morteza and Taba, Morteza Tavakoli and Afshari, Ehsan and Dreslinski, Ronald},
	journal={IEEE Transactions on Circuits and Systems I: Regular Papers}, 
	title={AnGeL: Fully-Automated Analog Circuit Generator Using a Neural Network Assisted Semi-Supervised Learning Approach}, 
	year={2023},
	volume={},
	number={},
	pages={1-14},
	doi={10.1109/TCSI.2023.3295737}}
	
@inproceedings{zhang2019bayesian,
  title={Bayesian optimization approach for analog circuit synthesis using neural network},
  author={Zhang, Shuhan and Lyu, Wenlong and Yang, Fan and Yan, Changhao and Zhou, Dian and Zeng, Xuan},
  booktitle={2019 Design, Automation \& Test in Europe Conference \& Exhibition (DATE)},
  pages={1463--1468},
  year={2019},
  organization={IEEE}
}

@INPROCEEDINGS{budak23apostle,
  author={Budak, Ahmet F. and Smart, David and Swahn, Brian and Pan, David Z.},
  booktitle={2023 28th Asia and South Pacific Design Automation Conference (ASP-DAC)}, 
  title={APOSTLE: Asynchronously Parallel Optimization for Sizing Analog Transistors using DNN Learning}, 
  year={2023},
  volume={},
  number={},
  pages={70-75},
  doi={}}
  
@ARTICLE{settaluri22reinforcement,
  author={Settaluri, Keertana and Liu, Zhaokai and Khurana, Rishubh and Mirhaj, Arash and Jain, Rajeev and Nikolic, Borivoje},
  journal={IEEE Transactions on Computer-Aided Design of Integrated Circuits and Systems}, 
  title={Automated Design of Analog Circuits Using Reinforcement Learning}, 
  year={2022},
  volume={41},
  number={9},
  pages={2794-2807},
  doi={10.1109/TCAD.2021.3120547}}
  
@ARTICLE{wolfe03nnmodel,
  author={Wolfe, G. and Vemuri, R.},
  journal={IEEE Transactions on Computer-Aided Design of Integrated Circuits and Systems}, 
  title={Extraction and use of neural network models in automated synthesis of operational amplifiers}, 
  year={2003},
  volume={22},
  number={2},
  pages={198-212},
  doi={10.1109/TCAD.2002.806600}}
  
@article{mendhurwar2012structureneural,
  title={A new approach to sizing analog CMOS building blocks using pre-compiled neural network models},
  author={Mendhurwar, Kaustubha and Sundani, Harsh and Aggarwal, Priyanka and Raut, Rabin and Devabhaktuni, Vijay},
  journal={Analog Integrated Circuits and Signal Processing},
  volume={70},
  pages={265--281},
  year={2012},
  publisher={Springer}
}

@ARTICLE{hakhamaneshi23pretraining,
  author={Hakhamaneshi, Kourosh and Nassar, Marcel and Phielipp, Mariano and Abbeel, Pieter and Stojanovic, Vladimir},
  journal={IEEE Transactions on Computer-Aided Design of Integrated Circuits and Systems}, 
  title={Pretraining Graph Neural Networks for Few-Shot Analog Circuit Modeling and Design}, 
  year={2023},
  volume={42},
  number={7},
  pages={2163-2173},
  doi={10.1109/TCAD.2022.3217421}}


@INPROCEEDINGS{prautsch16reuse,
  author={Prautsch, Benjamin and Eichler, Uwe and Rao, Sunil and Zeugmann, Björn and Puppala, Ajith and Reich, Torsten and Lienig, Jens},
  booktitle={2016 13th International Conference on Synthesis, Modeling, Analysis and Simulation Methods and Applications to Circuit Design (SMACD)}, 
  title={IIP framework: A tool for reuse-centric analog circuit design}, 
  year={2016},
  volume={},
  number={},
  pages={1-4},
  doi={10.1109/SMACD.2016.7520725}}
  
@INPROCEEDINGS{crossley13bag,
  author={Crossley, J. and Puggelli, A. and Le, H.-P. and Yang, B. and Nancollas, R. and Jung, K. and Kong, L. and Narevsky, N. and Lu, Y. and Sutardja, N. and An, E. J. and Sangiovanni-Vincentelli, A. L. and Alon, E.},
  booktitle={2013 IEEE/ACM International Conference on Computer-Aided Design (ICCAD)}, 
  title={BAG: A designer-oriented integrated framework for the development of AMS circuit generators}, 
  year={2013},
  volume={},
  number={},
  pages={74-81},
  doi={10.1109/ICCAD.2013.6691100}}
  
@INPROCEEDINGS{schweikardt22scheible,
  author={Schweikardt, Matthias and Scheible, Juergen},
  booktitle={2022 18th International Conference on Synthesis, Modeling, Analysis and Simulation Methods and Applications to Circuit Design (SMACD)}, 
  title={Expert Design Plan: A Toolbox for Procedural Automation of Analog Integrated Circuit Design}, 
  year={2022},
  volume={},
  number={},
  pages={1-4},
  doi={10.1109/SMACD55068.2022.9816336}}


@inproceedings{chen16xgboost,
 author = {Chen, Tianqi and Guestrin, Carlos},
 title = {{XGBoost}: A Scalable Tree Boosting System},
 booktitle = {Proceedings of the 22nd ACM SIGKDD International Conference on Knowledge Discovery and Data Mining},
 series = {KDD '16},
 year = {2016},
 isbn = {978-1-4503-4232-2},
 location = {San Francisco, California, USA},
 pages = {785--794},
 numpages = {10},
 url = {http://doi.acm.org/10.1145/2939672.2939785},
 doi = {10.1145/2939672.2939785},
 acmid = {2939785},
 publisher = {ACM},
 address = {New York, NY, USA},
 keywords = {large-scale machine learning},
} 


@article{scikit-learn,
 title={Scikit-learn: Machine Learning in {P}ython},
 author={Pedregosa, F. and Varoquaux, G. and Gramfort, A. and Michel, V.
         and Thirion, B. and Grisel, O. and Blondel, M. and Prettenhofer, P.
         and Weiss, R. and Dubourg, V. and Vanderplas, J. and Passos, A. and
         Cournapeau, D. and Brucher, M. and Perrot, M. and Duchesnay, E.},
 journal={Journal of Machine Learning Research},
 volume={12},
 pages={2825--2830},
 year={2011}
}

@electronic{fuboco-github,
title = {FUBOCO: GitHub repository},
author = {{Abel, I. and Neuner, M. and Eick M.}},
organization = {Technical University of Munich},
url = {https://github.com/inga000/acst},
}

@INPROCEEDINGS{gielen23workshop,
  author={Gielen, Georges},
  booktitle={2023 ACM/IEEE 5th Workshop on Machine Learning for CAD (MLCAD)}, 
  title={Analog synthesis 3.0: AI/ML to synthesize and test analog ICs: hope or hype ?}, 
  year={2023},
  volume={},
  number={},
  pages={1-1},
  keywords={Integrated circuits;Electrical engineering;Optimization;Design automation;Analog circuits;Testing;Technological innovation;machine learning;electronic design automation},
  doi={10.1109/MLCAD58807.2023.10299830}}
  
@INPROCEEDINGS{doboli03piecewise,
  author={Doboli, S. and Gothoskar, G. and Doboli, A.},
  booktitle={Proceedings of the International Joint Conference on Neural Networks, 2003.}, 
  title={Piecewise-linear modeling of analog circuits using trained feed-forward neural networks and adaptive clustering of hidden neurons}, 
  year={2003},
  volume={2},
  number={},
  pages={1126-1131 vol.2},
  keywords={Piecewise linear techniques;Analog circuits;Feedforward systems;Neural networks;Feedforward neural networks;Adaptive systems;Neurons;Filters;Bandwidth;Circuit simulation},
  doi={10.1109/IJCNN.2003.1223849}}
  
  @INPROCEEDINGS{gatermann22mosfet,
	author={Gatermann, C. and Sommer, R.},
	booktitle={2022 18th International Conference on Synthesis, Modeling, Analysis and Simulation Methods and Applications to Circuit Design (SMACD)}, 
	title={Teaching the MOSFET: A Circuit Designer’s View}, 
	year={2022},
	volume={},
	number={},
	pages={1-4},
	keywords={MOSFET;Analytical models;Education;Metals;Reservoirs;Mathematical models;Behavioral sciences;MOSFET;equations;teaching;circuit analysis},
	doi={10.1109/SMACD55068.2022.9816264}}
	
@ARTICLE{synthesis23zhang,
  author={Zhao, Zhenxin and Luo, Jiang and Liu, Jun and Zhang, Lihong},
  journal={IEEE Transactions on Computer-Aided Design of Integrated Circuits and Systems}, 
  title={Signal-Division-Aware Analog Circuit Topology Synthesis Aided by Transfer Learning}, 
  year={2023},
  volume={42},
  number={11},
  pages={3481-3490},
  keywords={Topology;Circuit topology;Voltage;Libraries;Integrated circuits;Transfer learning;Network topology;Circuit topology synthesis;deep reinforcement learning (DRL);electronic design automation (EDA);transfer learning (TL)},
  doi={10.1109/TCAD.2023.3245979}}

@ARTICLE{canelas22hierachical,
  author={Canelas, António and Passos, Fábio and Lourenço, Nuno and Martins, Ricardo and Roca, Elisenda and Castro-López, Rafael and Horta, Nuno and Fernández, Francisco V.},
  journal={IEEE Access}, 
  title={Hierarchical Yield-Aware Synthesis Methodology Covering Device-, Circuit-, and System-Level for Radiofrequency ICs}, 
  year={2021},
  volume={9},
  number={},
  pages={124152-124164},
  keywords={Integrated circuit modeling;Optimization;Radio frequency;Mathematical model;Performance evaluation;Analytical models;Tools;Electronic design automation;Monte Carlo analysis;multiobjective optimization;optimization-based design;radiofrequency integrated circuit},
  doi={10.1109/ACCESS.2021.3110758}}
  
@INPROCEEDINGS{cuatle10symbolic,
  author={Tlelo-Cuautle, E. and Martínez-Romero, E. and Sánchez-López, C. and X.D.-Tan, Sheldon},
  booktitle={2010 7th International Conference on Electrical Engineering Computing Science and Automatic Control}, 
  title={Symbolic behavioral modeling of low voltage amplifiers}, 
  year={2010},
  volume={},
  number={},
  pages={510-514},
  keywords={Mathematical model;Admittance;Computational modeling;MOSFETs;Analog circuits;Indexes;Capacitors},
  doi={10.1109/ICEEE.2010.5608604}}
  
@ARTICLE{wambacq95symbolic,
  author={Wambacq, P. and Fernandez, F.V. and Gielen, G. and Sansen, W. and Rodriguez-Vazquez, A.},
  journal={IEEE Journal of Solid-State Circuits}, 
  title={Efficient symbolic computation of approximated small-signal characteristics of analog integrated circuits}, 
  year={1995},
  volume={30},
  number={3},
  pages={327-330},
  keywords={Analog computers;Analog integrated circuits;Circuit analysis;Central Processing Unit;Performance analysis;Performance evaluation;Algorithm design and analysis;Character generation;Transfer functions;Frequency},
  doi={10.1109/4.364450}}
  
@INPROCEEDINGS{leibl24inverse,
  author={Leibl, Markus and Graeb, Helmut},
  booktitle={2024 20th International Conference on Synthesis, Modeling, Analysis and Simulation Methods and Applications to Circuit Design (SMACD)}, 
  title={Optimizer-Free Sizing of OpAmps Leveraging Structural and Functional Properties}, 
  year={2024},
  volume={},
  number={},
  pages={1-4},
  keywords={Training;Machine learning algorithms;Artificial neural networks;Manuals;Prediction algorithms;Robustness;Functional analysis;Integrated circuit modeling;Optimization;Tuning},
  doi={10.1109/SMACD61181.2024.10745396}}

@INPROCEEDINGS{leibl24initial,
  author={Leibl, Markus and Lberni, Abdelaziz and Graeb, Helmut},
  booktitle={2024 31st IEEE International Conference on Electronics, Circuits and Systems (ICECS)}, 
  title={On the Importance of Initial Sizing of Analog Circuits Based on Analytical Equations}, 
  year={2024},
  volume={},
  number={},
  pages={1-4},
  keywords={Hands;Analytical models;Adaptation models;Analog circuits;Numerical simulation;Mathematical models;Numerical models;Optimization;Electronic circuits;Operational Amplifiers;Analog Circuit Sizing;Initial Sizing;Optimization;Automation},
  doi={10.1109/ICECS61496.2024.10849205}}
  
@INPROCEEDINGS{eid24diffusion,
  author={Eid, Pedro and Azevedo, Filipe and Martins, Ricardo and Lourenço, Nuno},
  booktitle={2024 20th International Conference on Synthesis, Modeling, Analysis and Simulation Methods and Applications to Circuit Design (SMACD)}, 
  title={Solving the Inverse Problem of Analog Integrated Circuit Sizing with Diffusion Models}, 
  year={2024},
  volume={},
  number={},
  pages={1-4},
  keywords={Training;Analytical models;Inverse problems;Noise;Artificial neural networks;Production;Diffusion models;Probabilistic logic;Integrated circuit modeling;Analog integrated circuits;Artificial Neural Networks;Denoising Diffusion Probabilistic Models;Electronic Design Automation},
  doi={10.1109/SMACD61181.2024.10745460}}

@INPROCEEDINGS{zhang23multiagentRL,
	author={Zhang, Jinxin and Bao, Jiarui and Huang, Zhangcheng and Zeng, Xuan and Lu, Ye},
	booktitle={2023 60th ACM/IEEE Design Automation Conference (DAC)}, 
	title={Automated Design of Complex Analog Circuits with Multiagent based Reinforcement Learning}, 
	year={2023},
	volume={},
	number={},
	pages={1-6},
	keywords={Training;Design automation;Reinforcement learning;Manuals;Analog circuits;Topology;Circuit stability;Complex analog circuits;Circuit design automation;Multiagent reinforcement learning;Twin delayed deep deterministic policy gradient},
	doi={10.1109/DAC56929.2023.10247909}}

@misc{ho2020denoisingdiffusionprobabilisticmodels,
	title={Denoising Diffusion Probabilistic Models}, 
	author={Jonathan Ho and Ajay Jain and Pieter Abbeel},
	year={2020},
	eprint={2006.11239},
	archivePrefix={arXiv},
	primaryClass={cs.LG},
	url={https://arxiv.org/abs/2006.11239}, 
}

@misc{peebles2023scalablediffusionmodelstransformers,
	title={Scalable Diffusion Models with Transformers}, 
	author={William Peebles and Saining Xie},
	year={2023},
	eprint={2212.09748},
	archivePrefix={arXiv},
	primaryClass={cs.CV},
	url={https://arxiv.org/abs/2212.09748}, 
}

@misc{lin2024commondiffusionnoiseschedules,
	title={Common Diffusion Noise Schedules and Sample Steps are Flawed}, 
	author={Shanchuan Lin and Bingchen Liu and Jiashi Li and Xiao Yang},
	year={2024},
	eprint={2305.08891},
	archivePrefix={arXiv},
	primaryClass={cs.CV},
	url={https://arxiv.org/abs/2305.08891}, 
}

@misc{ho2022classifierfreediffusionguidance,
	title={Classifier-Free Diffusion Guidance}, 
	author={Jonathan Ho and Tim Salimans},
	year={2022},
	eprint={2207.12598},
	archivePrefix={arXiv},
	primaryClass={cs.LG},
	url={https://arxiv.org/abs/2207.12598}, 
}
  






